2389 3142
498 277 562 322 10
785 250 1153 312 EPISTOLA
1184 249 1290 308 DE
1321 249 2016 312 ARACHNEOLITHO;

504 374 674 426 tiores
697 377 984 434 numeret,
1017 364 1138 439 lege
1160 360 1278 437 ejus
1304 363 1601 441 proverbia
1623 382 1740 442 cap.
1767 366 1967 423 XXX.
1989 383 2045 423 v.
2067 359 2157 436 24.ί
2180 367 2241 423 δι

504 458 582 511 28.
603 448 759 501 Retia
781 459 955 518 porro
989 442 1247 511 exstruit,
1274 459 1396 517 quoe
1426 460 1758 500 aranearum
1792 439 2020 500 caffides
2044 445 2100 500 &
2123 443 2243 500 telae

507 521 738 579 audiunt
749 562 767 589 ,
802 515 1165 589 subtiliffima,
1201 537 1323 594 quae
1361 519 1623 577 mulieres
1657 520 1780 579 sane
1796 561 1813 589 ,
1837 539 1961 597 quae
1993 526 2242 578 maxime

509 598 579 656 ad
599 597 836 654 nendi&
854 594 1020 653 filum
1037 594 1277 654 ducendi
1293 594 1593 655 artificium
1604 638 1620 666 ‚
1635 597 1792 673 quod
1814 611 2007 656 tamen
2028 601 2244 655 araneis

508 683 571 733 in
591 677 832 750 acceptis
854 671 1124 745 referunt,
1149 673 1460 749 digitorum
1478 678 1709 750 argutiis
1729 675 1914 735 valent
1926 718 1944 745 ,
1966 673 2243 751 'filumque

511 746 1002 811 elaboratiffimum
1032 750 1310 809 conficere
1340 752 1598 829 praeclare
1637 753 1837 822 sciunt,
1870 771 1993 810 non
2018 771 2152 811 cum
2176 762 2246 807 eo

512 829 800 886 subtilitate
826 832 1011 904 operis
1034 829 1156 886 sunt
1182 827 1564 900 conferendae,
1596 825 1760 904 hujus
1782 834 2055 887 nimirum
2085 827 2250 886 filum

515 912 776 965 tenuitate
809 906 989 982 pilum
1022 910 1211 964 vincit.
1262 908 1526 966 Praeclare
1555 922 1748 965 tenent
1776 926 1994 966 araneae
2027 904 2252 964 texendi

517 999 695 1042 artem
716 989 996 1056 (textores
1018 988 1097 1041 eis
1119 985 1272 1043 suam
1295 999 1474 1042 artem
1489 983 1724 1057 debent)
1751 987 1808 1043 ὃς
1833 1000 2029 1043 natura
2040 984 2162 1040 sunt
2184 980 2255 1038 ad.

518 1064 891 1137 geometriam
913 1060 1113 1117 eruditi
1128 1063 1311 1132 (unde
1332 1068 1501 1119 etiam
1514 1068 1683 1121 variae
1704 1061 1977 1120 machinae
1990 1058 2257 1118 arachnes
2292 1092 2300 1097 f

520 1142 576 1195 ὃς
599 1156 809 1196 araneae
846 1141 1078 1195 nomine
1114 1142 1377 1209 veniunt,
1409 1158 1544 1217 quas
1569 1141 1696 1199 vide
1726 1144 1788 1198 in
1823 1131 2258 1198 excellentiffimi

522 1213 750 1274 Wolffii
770 1214 1130 1273 vocabulario
1157 1215 1585 1289 mathematico)
1607 1217 1778 1277 lineas
1800 1220 1979 1286 enim,
2003 1233 2140 1293 quas
2156 1212 2257 1270 du-

523 1306 685 1360 cunt,
708 1309 906 1348 omnes
927 1291 1030 1348 esse
1051 1293 1332 1369 parallelas
1345 1338 1361 1365 ,
1387 1298 1704 1371 &integras
1728 1293 1898 1355 telam
1923 1293 2260 1352 constituen-

525 1384 608 1426 tes
649 1366 898 1424 formam
946 1369 1227 1443 quandam
1270 1370 1479 1430 horarii
1510 1371 1910 1446 aequinoffialis
1945 1368 2258 1445 expandere

527 1446 765 1514 constat,
791 1443 861 1511 de
887 1462 997 1520 qua
1025 1463 1350 1502 aranearum
1387 1449 1692 1520 geometria
1721 1446 1881 1523 plura
1915 1447 2172 1504 evolvere
2195 1444 2259 1499 li-

529 1536 615 1580 cet
639 1527 700 1578 in
723 1520 845 1591 Joh.
867 1521 1042 1578 Andr.
1065 1520 1331 1580 Schmidii
1345 1564 1360 1592 ,
1384 1520 1610 1581 Abbatis
1632 1525 1689 1580 δε
1709 1522 2067 1596 Polyliistoris
2084 1520 2260 1579 nostri

529 1603 635 1657 aevi
665 1596 1038 1666 celeberrimi,
1060 1602 1151 1653 cui
1169 1612 1233 1653 ut
1255 1598 1510 1655 Medicus
1532 1616 1602 1656 ex
1625 1596 1827 1656 Gilead
1858 1598 2147 1675 pristinam
2171 1616 2260 1655 re·-

529 1689 703 1733 novet
727 1674 1014 1731 sanitatem
1035 1677 1090 1729 δε
1110 1674 1402 1731 cumulum
1426 1692 1708 1732 annorum
1726 1676 1854 1732 vitae
1878 1668 1997 1749 ejus
2019 1673 2182 1733 addat
2199 1677 2261 1731 in

535 1753 764 1809 salutem
783 1749 934 1805 orbis
963 1750 1187 1819 eruditi,
1213 1754 1475 1816 omnium
1501 1749 1787 1809 bonorum
1818 1750 1895 1811 est
1915 1766 2141 1821 votum,
2164 1770 2260 1809 va-

532 1834 752 1885 riorum
768 1825 1278 1902 philosophicorum
1297 1826 1516 1883 Decade
1531 1827 1796 1883 Dffl‘ertat.
1809 1831 1910 1885 IX.
1922 1828 1991 1885 de
2015 1832 2260 1885 Geome-

535 1911 638 1962 tria
660 1904 956 1960 brutorum
978 1922 1029 1979 p.
1049 1905 1309 1972 9.1o.&0.
1330 1902 1495 1960 ubi&
1521 1906 1653 1959 icon
1678 1899 1841 1977 hujus
1864 1904 2126 1961 naturalis
2136 1921 2259 1960 ara-

536 2001 773 2040 nearum
792 1984 1128 2038 Geometriae
1143 1978 1493 2038 observanda.
1533 1979 1618 2036 Ob
1641 1977 1978 2037 subtiliffima
2000 1978 2117 2050 fila,
2133 1998 2257 2056 quae

538 2072 697 2128 nent,
733 2056 1020 2115 subtilitate
1054 2056 1365 2133 digitorum
1400 2075 1492 2115 eas
1522 2057 1732 2134 pollere
1754 2055 1966 2116 necesse
1997 2058 2103 2127 est,
2135 2061 2256 2115 imo
2322 2096 2325 2099 -

541 2136 688 2194 tactu
708 2133 1003 2192 hominem
1023 2134 1359 2211 praecellunt.
1397 2133 1761 2194 Minutiffima
1795 2152 1968 2213 porro
2000 2138 2147 2192 entia
2171 2138 2259 2192 vi-

542 2214 699 2282 dent,
724 2231 845 2288 quae
871 2212 1052 2269 visum
1075 2213 1330 2270 nostrum
1353 2210 1656 2289 effugiunt,
1692 2218 1822 2288 quia
1849 2210 2031 2269 forsan
2049 2216 2111 2268 in
2137 2211 2259 2269 sub-

543 2289 722 2347 tiliore
755 2287 955 2346 harum
988 2307 1222 2366 corpore
1255 2288 1500 2347 subtilius
1536 2287 1845 2348 elaboratur
1875 2291 1931 2347 &
1965 2303 2262 2366 generatur

546 2365 788 2424 fluidum
804 2367 1126 2437 nervosum,
1142 2365 1295 2444 quod
1308 2366 1525 2443 spiritus
1547 2367 1812 2424 animales
1831 2371 2099 2424 neoterici
2121 2365 2259 2443 phy-

545 2443 890 2518 fiologorum
902 2443 1168 2520 appellare
1182 2443 1442 2521 gaudent.
1475 2446 1734 2502 Numero
1756 2445 2053 2504 oculorum
2073 2443 2259 2502 homi-

544 2540 683 2579 nem
701 2522 757 2578 &
775 2519 987 2595 reliqua
1010 2525 1383 2580 animantium
1403 2541 1608 2599 genera
1627 2523 1794 2599 longe
1816 2522 2072 2599 superant
2084 2563 2098 2590 ,
2113 2539 2265 2598 quae-

549 2596 681 2656 dam
704 2601 858 2657 enim
881 2597 998 2668 sex,
1031 2597 1188 2670 οὲὶο,
1211 2600 1401 2659 decem
1427 2602 1483 2659 δε
1507 2598 1685 2659 adhuc
1710 2599 1959 2679 pluribus
1989 2598 2265 2660 instrue'cae

2149 2675 2270 2734 sunt
