2389 3142
387 230 752 292 EPISTOLA
790 231 886 289 DE
919 228 1611 291 ARACHNEOLITHO.
1840 249 1889 292 11

170 347 297 409 sunt
321 332 523 412 oculis,
539 348 635 420 qui
653 344 802 400 hunc
820 348 880 400 in
904 330 1141 400 modum
1159 346 1220 399 in
1240 342 1429 400 medio
1453 347 1628 418 capite
1650 339 1741 399 seu
1764 361 1887 399 ver-

162 429 277 482 tice
449 420 691 496 dispofiti
714 420 916 477 nostris
928 463 946 490 ,
971 418 1346 496 microscopio
1373 417 1674 488 roborati3‚
1714 421 1888 477 oculis

170 501 238 559 de
278 496 686 567 rehenduntur,
716 496 782 554 de
806 516 918 573 quo
939 498 1235 555 oculorum
1254 513 1496 554 numero
1527 498 1583 552 ὃς
1610 497 1744 554 serie
1777 497 1888 554 vid.

172 581 240 650 Jo
283 621 294 634 .
320 573 505 647 Jacob.
528 575 809 649 Wagneri
830 576 1034 631 Histor.
1064 573 1294 632 natural.
1318 573 1589 630 Helvetiae
1617 573 1889 631 curiosam

163 673 224 731 p.
245 672 322 710 m.
341 668 462 722 237.
479 657 536 707 it.
552 651 840 708 Borelhun
863 656 922 708 in
946 657 1191 709 centuria
1213 654 1302 709 sua
1326 650 1772 708 observationum
1787 656 1892 707 mi·-

168 730 627 806 croscopicarum.
663 731 720 785 Si
741 727 920 786 ullum
944 730 1174 788 demum
1195 728 1593 787 animalculum
1613 728 1890 804 copiosam

166 807 388 886 prolem
408 805 542 875 edit,
560 806 888 882 copiosaque
905 813 1066 884 ponit
1087 808 1278 876 ovula,
1300 824 1444 864 certe
1468 805 1544 861 est
1565 805 1752 861 nostra
1774 823 1892 861 ara-

168 905 303 955 nea,
325 903 448 961 quae
473 883 596 960 plus
616 884 832 960 semper
861 903 1032 961 quam
1063 885 1312 950 sexcenta
1342 883 1432 940 vel
1465 882 1807 958 septingenta
1831 887 1891 937 in

169 963 355 1020 lucem
381 961 543 1029 edere
564 959 693 1017 solet
720 962 911 1030 ovula,
946 981 1069 1038 quae
1101 963 1193 1019 sua
1218 962 1409 1038 sponte
1438 960 1670 1017 demum
1693 957 1889 1033 absque

167 1039 279 1102 ulla
295 1037 650 1097 incubatione
666 1057 734 1095 ex
748 1045 809 1097 in
824 1039 1054 1105 volucro
1070 1038 1166 1096 suo
1183 1042 1237 1096 δε
1249 1038 1393 1095 testis
1408 1036 1705 1114 prodeunt.
1727 1038 1893 1092 Nun-

165 1133 340 1193 quam
373 1134 492 1173 non
519 1115 772 1173 medium
811 1116 1048 1173 telarum
1079 1116 1301 1173 suarum
1330 1115 1694 1191 expansarum
1723 1130 1890 1170 occu—

163 1209 297 1271 pant
309 1193 539 1263 ‚hoste3‚
561 1207 698 1269 puto
722 1194 1036 1266 muscarum
1056 1191 1326 1265 familiam
1341 1236 1353 1260 ,
1379 1190 1638 1267 jugulant
1657 1193 1714 1247 δε
1732 1208 1893 1246 cruo-

158 1289 234 1329 are
246 1271 444 1330 harum
468 1271 520 1328 se
544 1271 806 1346 saginant.
853 1269 1238 1347 Antipathiam
1267 1273 1324 1326 ὅ(
1355 1269 1703 1334 inimicitiam
1737 1285 1896 1323 exer·

160 1364 297 1422 cent
319 1366 624 1426 perennem
647 1366 777 1404 cum
798 1347 1126 1416 bufonibu3‚
1150 1363 1292 1423 quos
1319 1345 1432 1402 ictu
1454 1345 1550 1400 suo
1576 1357 1800 1411 necant,
1828 1343 1894 1399 de

164 1444 284 1502 quo
306 1426 436 1484 odio
457 1430 518 1499 in
536 1424 773 1483 bufones
795 1424 926 1490 vide
943 1422 1230 1498 beatissimi
1254 1421 1539 1500 quondam
1558 1426 1672 1478 mei
1691 1438 1893 1497 praece-

165 1510 369 1580 ptoriS,
382 1501 553 1580 quem
572 1509 749 1560 virtus
776 1498 991 1560 duobus
1015 1500 1214 1576 abhinc
1228 1499 1507 1571 mensibus
1528 1498 1776 1562 sublimia
1797 1517 1894 1554 ve-

161 1586 257 1653 arit
269 1581 338 1636 ad
356 1583 519 1652 astra,
532 1584 602 1635 G.
618 1581 719 1651 W.
733 1579 1004 1650 Wedelii,
1028 1579 1236 1650 Medici
1256 1572 1770 1644 consummatiss’nni
1783 1616 1797 1642 ‚
1809 1579 1895 1630 vi-

173 1662 224 1711 ri
244 1652 506 1729 omnium
542 1653 855 1728 seculorum
889 1655 1165 1726 memoria
1201 1648 1529 1725 digniffimi,
1567 1664 1893 1725 aeternaeque

167 1727 574 1808 apudpmnem
594 1729 967 1805 posteritatem
991 1727 1182 1800 famae,
1210 1727 1458 1785 dissertat.
1484 1725 1550 1782 de
1570 1726 1893 1801 Plantagine

160 1805 314 1881 -Jenac
346 1804 474 1882 17'1'2.
483 1804 806 1876 ventilatam
818 1823 833 1870 3
846 1810 902 1877 it.
919 1805 1162 1860 Plinium
1174 1807 1227 1860 ὃ(
1236 1806 1464 1860 Hem-ic.
1476 1801 1818 1880 Ruyschium
1832 1808 1892 1858 in

164 1884 377 1943 theatro
390 1880 682 1958 universali
691 1886 953 1957 omnium
963 1881 1290 1954 animalium
1304 1883 1477 1937 Tom.
1490 1884 1574 1953 ΠΙ.
1586 1900 1638 1955 p.
1655 1895 1746 1943 132.
1756 1883 1892 1937 Ara-

168 1980 286 2019 neae
310 1977 509 2036 omnes
530 1956 888 2036 perhibentur
911 1956 1014 2014 esse
1039 1956 1534 2034 hermaphroditae‚
1560 1956 1672 2013 vid.
1699 1961 1893 2014 Marti-

163 2045 229 2097 -ni
249 2037 524 2113 Schurigii
545 2034 1021 2114 spe1·matolog'iam
1045 2033 1608 2109 historico-medicam
1629 2053 1680 2108 p.
1697 2043 1824 2100 619.
1839 2037 1893 2090 ὃ(

170 2132 290 2177 682.
311 2114 568 2190 it.Steph.
603 2111 996 2189 Blancardum3
1033 2118 1092 2169 it.
1114 2109 1342 2185 Miscell.
1371 2115 1570 2167 Natur.
1609 2113 1889 2179 Curiosor.

168 2197 303 2251 Dec.
323 2197 406 2251 III.
419 2193 523 2249 An.
539 2195 623 2249 III.
640 2188 865 2266 Observ.
879 2190 998 2260 LV.
1011 2207 1064 2266 p.
1078 2200 1164 2251 65.
1179 2188 1275 2245 ubi
1289 2206 1407 2245 non
1430 2206 1639 2245 araneae
1655 2201 1887 2254 tantum,

167 2272 258 2329 sed
272 2284 420 2327 totus
433 2267 766 2326 infestorum
778 2265 982 2323 cohors
993 2309 1008 2336 ,
1024 2268 1180 2325 sexus
1191 2272 1478 2341 utriusque
1493 2264 1595 2322 esse
1610 2264 1888 2322 affirman-

167 2363 274 2404 tur.
313 2354 701 2420 Integumenta
723 2345 815 2401 sua
838 2348 929 2421 seu
950 2345 1117 2421 pelles
1138 2343 1272 2420 saepe
1293 2361 1454 2399 more
1479 2347 1737 2400 omnium
1761 2342 1890 2398 reli-

167 2443 410 2502 quorum
432 2423 608 2480 ferme
635 2421 970 2497 insectorum
992 2436 1227 2498 exuunt,
1259 2419 1387 2492 vide
1410 2420 1802 2478 Helmontium
1824 2418 1885 2474 in

169 2499 379 2578 operib.
403 2499 496 2556 sub
522 2500 679 2556 tittul.
704 2518 901 2556 arcana
920 2499 1177 2557 Paracelsi
1209 2517 1261 2575 p.
1284 2517 1359 2555 m.
1383 2515 1516 2567 740.
1552 2495 1884 2571 Magnitudo

169 2575 330 2654 hujus
357 2575 672 2635 animalculi
690 2581 892 2645 variat,
916 2580 1162 2635 maxima
1183 2593 1394 2634 araneae
1415 2574 1614 2651 species
1637 2579 1698 2631 in
1713 2574 1885 2634 Brasi-

164 2687 170 2691 -
240 2661 245 2664 ⁴
1027 2656 1070 2709 B
1094 2671 1121 2711 2
1791 2650 1881 2715 lia,
